<?xml version="1.0" encoding="UTF-8"?>
<SOAP-ENV:Envelope xmlns:SOAP-ENV="http://schemas.xmlsoap.org/soap/envelope/" xmlns:of="http://oss.dbc.dk/ns/openformat" xmlns:ofo="http://oss.dbc.dk/ns/openformatoutput"><SOAP-ENV:Body><of:formatResponse><marc:record xmlns:marc="http://www.loc.gov/MARC21/slim"><leader>00000nam a22000000c 4500</leader><controlfield tag="001">870970:27925715</controlfield><controlfield tag="003">DKDLA</controlfield><controlfield tag="005">20100706133208.0</controlfield><controlfield tag="007">ta</controlfield><controlfield tag="008">090918r20102009dk |||||| ||| 00||fdan||</controlfield><datafield ind1="1" ind2=" " tag="100"><subfield code="a">Adler-Olsen, Jussi</subfield><subfield code="4">aut</subfield></datafield><datafield ind1=" " ind2="0" tag="245"><subfield code="a">Flaskepost fra P :</subfield><subfield code="b">krimithriller</subfield></datafield><datafield ind1=" " ind2=" " tag="250"><subfield code="a">1. udgave</subfield></datafield><datafield ind1=" " ind2=" " tag="260"><subfield code="b">Politiken,</subfield><subfield code="c">2009</subfield></datafield><datafield ind1=" " ind2=" " tag="300"><subfield code="a">485 sider</subfield></datafield></marc:record></of:formatResponse></SOAP-ENV:Body></SOAP-ENV:Envelope>
